@article{mirjalili2013s,
  title={S-shaped versus V-shaped transfer functions for binary particle swarm optimization},
  author={Mirjalili, Seyedali and Lewis, Andrew},
  journal={Swarm and Evolutionary Computation},
  volume={9},
  pages={1--14},
  year={2013},
  publisher={Elsevier}
}
@article{gorman1988analysis,
  title={Analysis of hidden units in a layered network trained to classify sonar targets},
  author={Gorman, R Paul and Sejnowski, Terrence J},
  journal={Neural networks},
  volume={1},
  number={1},
  pages={75--89},
  year={1988},
  publisher={Elsevier}
}
